
@article{carayannis2024toward,
	title={Toward Industry 6.0 and Society 6.0: The quintuple innovation helix with embedded AI modalities as enabler of public interest technologies strategic technology management and road-mapping},
	author={Carayannis, Elias G and Posselt, Thorsten and Preissler, Steffen},
	journal={IEEE Transactions on Engineering Management},
	year={2024},
	publisher={IEEE}
}

@article{shang2024general,
	title={A General Parallel Disturbance Controller for PMSM Drives Based on Frequency Domain Design},
	author={Shang, Chaoyi and Yang, Ming and You, Jiahua},
	journal={IEEE Transactions on Industrial Electronics},
	year={2024},
	publisher={IEEE}
}

@article{zhifu2025stepwise,
	title={A stepwise parameter identification strategy for probe-based robot on-machine measurement system calibration based on sensitivity analysis},
	author={Zhifu, Ma and Yong, Lu and Kenan, Deng and Jiao, Zhao},
	journal={Measurement},
	volume={242},
	pages={115887},
	year={2025},
	publisher={Elsevier}
}
@article{de2024non,
	title={Non-Invasive Identification of Vehicle Suspension Parameters: A Methodology Based on Synthetic Data Analysis},
	author={de Hoyos Fern{\'a}ndez de C{\'o}rdova, Alfonso and Olazagoitia, Jos{\'e} Luis and Gij{\'o}n-Rivera, Carlos},
	journal={Mathematics},
	volume={12},
	number={3},
	pages={397},
	year={2024},
	publisher={MDPI}
}

@article{zhang2024model,
	title={Model predictive voltage control for PMSM system with low parameter sensitivity},
	author={Zhang, Xiaoguang and Cao, Yuanhang and Zhang, Chenguang},
	journal={IEEE Transactions on Industrial Electronics},
	year={2024},
	publisher={IEEE}
}\\

@article{kaigom2020value,
	title={Value-driven robotic digital twins in cyber--physical applications},
	author={Kaigom, Eric Guiffo and Ro{\ss}mann, J{\"u}rgen},
	journal={IEEE Transactions on Industrial Informatics},
	volume={17},
	number={5},
	pages={3609--3619},
	year={2020},
	publisher={IEEE}
}

@article{kaigom2023metarobotics,
	title={Metarobotics for Industry and Society: Vision, Technologies, and Opportunities},
	author={Kaigom, Eric Guiffo},
	journal={IEEE Transactions on Industrial Informatics},
	year={2023},
	publisher={IEEE}
}\\

@article{abt,
	title={Manipulability Optimization and Thermal Control of Industrial Robots in Real-Time Using Digital Twins, Augmented Reality, and OPC UA},
	author={Peter Abt and Ren√© Harmann and Eric Guiffo Kaigom},
	journal={2025 IEEE/SICE International Symposium on System Integration (SII), Munich, Germany.},
	YEAR={2025},
}

@inproceedings{trinh2023modeling,
	title={Modeling of temperature-dependent joint friction in industrial robots using neural networks},
	author={Trinh, Minh and Yadav, Ritesh and Schwiedernoch, Ruben and Gr{\"u}ndel, Lukas and Petrovic, Oliver and Brecher, Christian},
	booktitle={2023 Seventh IEEE International Conference on Robotic Computing (IRC)},
	pages={206--213},
	year={2023},
	organization={IEEE}
}

@article{jorgensen2019thermal,
	title={Thermal recovery of multi-limbed robots with electric actuators},
	author={Jorgensen, Steven Jens and Holley, James and Mathis, Frank and Mehling, Joshua S and Sentis, Luis},
	journal={IEEE Robotics and Automation Letters},
	volume={4},
	number={2},
	pages={1077--1084},
	year={2019},
	publisher={IEEE}
}
@article{he2024rotor,
	title={Rotor Temperature Prediction of PMSM Based on LSTM Neural Networks},
	author={He, Liange and Feng, Yuhang and Yan, Zhang and Cai, Meijing},
	journal={Arabian Journal for Science and Engineering},
	pages={1--12},
	year={2024},
	publisher={Springer}
}

@article{cai2021temperature,
	title={Temperature prediction of PMSMs using pseudo-siamese nested LSTM},
	author={Cai, Yongping and Cen, Yuefeng and Cen, Gang and Yao, Xiaomin and Zhao, Cheng and Zhang, Yulai},
	journal={World Electric Vehicle Journal},
	volume={12},
	number={2},
	pages={57},
	year={2021},
	publisher={MDPI}
}


@article{sigron2023compensation,
	title={Compensation of Geometric, Backlash, and Thermal Drift Errors Using a Universal Industrial Robot Model},
	author={Sigron, Pirmin and Aschwanden, Ivo and Bambach, Markus},
	journal={IEEE Transactions on Automation Science and Engineering},
	year={2023},
	publisher={IEEE}
}

@article{chen2024lifetime,
	title={Lifetime Prediction of Permanent Magnet Synchronous Motor in Selective Compliance Assembly Robot Arm Considering Insulation Thermal Aging},
	author={Chen, Mingxu and Zhang, Bingye and Li, Haibo and Gao, Xiang and Wang, Jiajin and Zhang, Jian},
	journal={Sensors},
	volume={24},
	number={12},
	pages={3747},
	year={2024},
	publisher={Multidisciplinary Digital Publishing Institute}
}


@article{chen2024lifetime,
	title={Lifetime Prediction of Permanent Magnet Synchronous Motor in Selective Compliance Assembly Robot Arm Considering Insulation Thermal Aging},
	author={Chen, Mingxu and Zhang, Bingye and Li, Haibo and Gao, Xiang and Wang, Jiajin and Zhang, Jian},
	journal={Sensors},
	volume={24},
	number={12},
	pages={3747},
	year={2024},
	publisher={Multidisciplinary Digital Publishing Institute}
}

@article{afaq2023intelligent,
	title={An intelligent thermal management fuzzy logic control system design and analysis using ANSYS fluent for a mobile robotic platform in extreme weather applications},
	author={Afaq, Misha and Jebelli, Ali and Ahmad, Rafiq},
	journal={Journal of Intelligent \& Robotic Systems},
	volume={107},
	number={1},
	pages={11},
	year={2023},
	publisher={Springer}
}

@article{jing2023high,
	title={High Thermal Conductivity of Sandwich-Structured Flexible Thermal Interface Materials},
	author={Jing, Lin and Cheng, Rui and Tasoglu, Muzaffer and Wang, Zexiao and Wang, Qixian and Zhai, Hannah and Shen, Sheng and Cohen-Karni, Tzahi and Garg, Raghav and Lee, Inkyu},
	journal={Small},
	volume={19},
	number={11},
	pages={2207015},
	year={2023},
	publisher={Wiley Online Library}
}

@article{kawaharazuka2020estimation,
	title={Estimation and control of motor core temperature with online learning of thermal model parameters: Application to musculoskeletal humanoids},
	author={Kawaharazuka, Kento and Hiraoka, Naoki and Tsuzuki, Kei and Onitsuka, Moritaka and Asano, Yuki and Okada, Kei and Kawasaki, Koji and Inaba, Masayuki},
	journal={IEEE Robotics and Automation Letters},
	volume={5},
	number={3},
	pages={4273--4280},
	year={2020},
	publisher={IEEE}
}

@inproceedings{singh2021thermal,
	title={Thermal Control for Peak Operation of Electric Robotic actuators},
	author={Singh, Akash and Kashiri, Navvab and Tsagarakis, Nikos},
	booktitle={2021 20th International Conference on Advanced Robotics (ICAR)},
	pages={763--770},
	year={2021},
	organization={IEEE}
}


@article{jorgensen2019thermal,
	title={Thermal recovery of multi-limbed robots with electric actuators},
	author={Jorgensen, Steven Jens and Holley, James and Mathis, Frank and Mehling, Joshua S and Sentis, Luis},
	journal={IEEE Robotics and Automation Letters},
	volume={4},
	number={2},
	pages={1077--1084},
	year={2019},
	publisher={IEEE}
}
@inproceedings{urata2008thermal,
	title={Thermal control of electrical motors for high-power humanoid robots},
	author={Urata, Junichi and Hirose, Toshinori and Namiki, Yuta and Nakanishi, Yuto and Mizuuchi, Ikuo and Inaba, Masayuki},
	booktitle={2008 ieee/rsj international conference on intelligent robots and systems},
	pages={2047--2052},
	year={2008},
	organization={IEEE}
}
@article{yehorov2025study,
	title={Study on the Thermal State of a Transverse-Flux Motor},
	author={Yehorov, A and Duniev, O and Masliennikov, A and Gouws, R and Dobzhanskyi, O and Stamann, M},
	journal={IEEE Access},
	year={2025},
	publisher={IEEE}
}

@article{soga2024skillful,
	title={Skillful Operation of Working Plate for Grasp Less Ball Handling with an Industrial Dual-Arm Robot Considering Temperature of Joint Motors},
	author={Soga, Takumi and Hanai, Hiroaki and Hirogaki, Toshiki and Aoyama, Eiichi},
	journal={International Journal of Modeling and Optimization},
	volume={14},
	number={4},
	year={2024}
}
@article{kim2025mode,
	title={Mode-Unified Intent Estimation of a Robotic Prosthesis using Deep-Learning},
	author={Kim, Hanjun and Lee, Dawit and Maldonado-Contreras, Jairo Y and Zhou, Sixu and Herrin, Kinsey R and Young, Aaron J},
	journal={IEEE Robotics and Automation Letters},
	year={2025},
	publisher={IEEE}
}

@article{gkiolnta2025challenges,
	title={Challenges and Ethical Considerations in Implementing Assistive Technologies in Healthcare},
	author={Gkiolnta, Eleni and Roy, Debopriyo and Fragulis, George F},
	journal={Technologies},
	volume={13},
	number={2},
	pages={48},
	year={2025},
	publisher={MDPI}
}

@article{basha2025robotic,
	title={ROBOTIC COMPANIONS IN HEALTHCARE: INVESTIGATE THE ROLE OF HUMANOID ROBOTS IN AUGMENTING PATIENT WELL-BEING},
	author={Basha, A Jameer},
	year={2025}
}
@article{tsui2025exploring,
	title={Exploring Embodiment Form Factors of a Home-Helper Robot: Perspectives from Care Receivers and Caregivers},
	author={Tsui, Katherine M and Baggett, Rune and Chiang, Carol},
	journal={Applied Sciences},
	volume={15},
	number={2},
	pages={891},
	year={2025},
	publisher={MDPI}
}
@article{Abl:45,
	author={B.C. Able},
	title={The examination of cell nuclei},
	journal={Birches. J.},
	year={1945},
	volume={35},
	pages={123--126},
}

@article{Abl:56,
	author={B.C. Able},
	title={Nucleic acid content of microscope},
	journal={Nature},
	year={1956},
	volume={135},
	pages={7--9},
}

@incollection{AbTaRu:54,
	author={B.C. Able and R.A. Tagg and M. Rush},
	title={Enzyme-catalyzed cellular transanimations},
	pages={125--247},
	editor={A.F. Round},
	publisher={Academic  Press},
	year={1954},
	volume={2},
	booktitle={Advances in Enzymology},
	address={New York},
	edition={3rd},
}

@book{Bak:63a,
	author={R.C. Baker},
	title={Microscopic Staining Techniques},
	publisher={Butterworths},
	year={1963},
	address={London},
}

@article{Bak:63b,
	author={R.C. Baker},
	title={Methods of preparing thin-section slides},
	journal={J. Brit. Med. Assoc.},
	year={1963},
	volume={34},
	pages={184--186},
}

@book{Heritage:92,
      editor={A. H. Soukhanov},
	title="{The American Heritage. Dictionary of the American Language}",
	publisher={Houghton Mifflin Company},
	year={1992},

}

@article{ChaRou:66,
	author={F.H. Charlie and M.B. Routh},
	title={The Chemical Destination of Toxins},
	journal={J. Am. Chem. Soc.},
	year={1966},
	volume={66},
	pages={267--269},
}

@incollection{Dog:58,
	author={P.R. Dog},
	title={},
	booktitle={Chemical Carcinogenesis},
	publisher={Chapman \& Hall},
	year={1958},
	editor={R.W. Brown},
	chapter={7},
	volume={II},
	pages={56--98},
	address={London},
}

@book{Keo:58,
	author={R. Keohane},
	title={Power and Interdependence: World Politics in Transitions},
	publisher={Little, Brown \& Co.},
	year={1958},
	address={Boston},
}

@article{Pow:85,
	author={T. Powers},
	title={Is there a way out?},
	journal={Harpers},
	year={1985},
	pages={35--47},
	month=jun,
}


@misc{Sol:89,
	author={Solo},
	year={1989},
}
